<collection xmlns="http://www.loc.gov/MARC21/slim"><record><leader>00856nam  2200265   450</leader><controlfield tag="001">42</controlfield><controlfield tag="003">http://montalegre.opacnet.com/OPAC/default.aspx?ContentAreaControl=ShowRegHoldings.ascx&amp;RegNo=16662</controlfield><datafield tag="010" ind1=" " ind2=" "><subfield code="a">972-1-04084-3</subfield></datafield><datafield tag="021" ind1=" " ind2=" "><subfield code="a">PT</subfield><subfield code="b">97276/96</subfield></datafield><datafield tag="100" ind1=" " ind2=" "><subfield code="a">20020517e1996    em y0pory010305  ba</subfield></datafield><datafield tag="101" ind1="1" ind2=" "><subfield code="a">por</subfield><subfield code="c">eng</subfield></datafield><datafield tag="102" ind1=" " ind2=" "><subfield code="a">PT</subfield></datafield><datafield tag="105" ind1=" " ind2=" "><subfield code="a">y   z   000yy</subfield></datafield><datafield tag="106" ind1=" " ind2=" "><subfield code="a">r</subfield></datafield><datafield tag="200" ind1="1" ind2=" "><subfield code="a">Orgulho e preconceito</subfield><subfield code="f">Jane Austen</subfield><subfield code="g">trad. Maria Francisca Ferreira de Lima</subfield></datafield><datafield tag="205" ind1=" " ind2=" "><subfield code="a">[Reimp.]</subfield></datafield><datafield tag="210" ind1=" " ind2=" "><subfield code="a">Mem Martins</subfield><subfield code="c">Europa-América</subfield><subfield code="d">D. L. 1996</subfield></datafield><datafield tag="215" ind1=" " ind2=" "><subfield code="a">277, [1] p.</subfield><subfield code="d">21 cm</subfield></datafield><datafield tag="225" ind1="2" ind2=" "><subfield code="a">Clássicos</subfield><subfield code="v">34)</subfield></datafield><datafield tag="304" ind1=" " ind2=" "><subfield code="a">Tít. orig.: Pride and prejudice</subfield></datafield><datafield tag="675" ind1=" " ind2=" "><subfield code="a">821</subfield><subfield code="v">BN</subfield><subfield code="z">por</subfield></datafield><datafield tag="700" ind1=" " ind2="1"><subfield code="a">Austen</subfield><subfield code="b">Jane</subfield><subfield code="f">1775-1817</subfield></datafield><datafield tag="702" ind1=" " ind2="1"><subfield code="a">Lima</subfield><subfield code="b">Maria Francisca Ferreira de</subfield><subfield code="4">730</subfield></datafield><datafield tag="801" ind1=" " ind2="0"><subfield code="a">PT</subfield><subfield code="b">Biblioteca Municipal de Montalegre</subfield><subfield code="g">RPC</subfield></datafield><datafield tag="856" ind1=" " ind2=" "><subfield code="u">locateMedia.asp?cod=20060504155143&amp;ext=jpg</subfield><subfield code="z">CAPA</subfield></datafield><datafield tag="909" ind1="&#9;" ind2=" "><subfield code="a">1</subfield></datafield><datafield tag="966" ind1=" " ind2=" "><subfield code="a">0008282</subfield><subfield code="l">BMM</subfield><subfield code="s">SCG 821 AUS org</subfield></datafield></record></collection>